<?xml version="1.0" encoding="UTF-8"?><collection xmlns="http://www.loc.gov/MARC21/slim"><record><leader>00397nam--2200121-i-4500</leader><controlfield tag="001">000020135</controlfield><controlfield tag="002">20161230</controlfield><controlfield tag="005">20161230201033</controlfield><controlfield tag="008">060222s1000------------r-----000-0-eng-d</controlfield><datafield ind1=" " ind2=" " tag="080"><subfield code="a">621.049.774:621.382</subfield></datafield><datafield ind1=" " ind2=" " tag="245"><subfield code="a">Echipamente modulare cu semiconductoare de putere.proiectare,verificare,utilizare. module,blocuri electronice si sertare</subfield></datafield><datafield ind1=" " ind2=" " tag="260"><subfield code="a">Bucuresti, Micm, Cieta, 1975.  298 P</subfield></datafield><datafield ind1=" " ind2=" " tag="852"><subfield code="a">75101</subfield></datafield></record></collection>